<record><leader>00000cas a2200000 a 4500</leader><controlfield tag="001">9614681</controlfield><controlfield tag="007">hd afb---baca</controlfield><controlfield tag="007">hd bfb---baaa</controlfield><controlfield tag="008">830616d19511970gu wr nea     0   a0eng c</controlfield><datafield ind1=" " ind2=" " tag="010"><subfield code="a">sn2006058254</subfield></datafield><datafield ind1=" " ind2=" " tag="040"><subfield code="a">HUH</subfield><subfield code="b">eng</subfield><subfield code="c">HUH</subfield><subfield code="d">OCL</subfield><subfield code="d">OCLCQ</subfield><subfield code="d">DLC</subfield><subfield code="d">OCLCQ</subfield><subfield code="d">OCLCF</subfield><subfield code="d">OCLCO</subfield></datafield><datafield ind1="1" ind2=" " tag="029"><subfield code="a">AU@</subfield><subfield code="b">000040998215</subfield></datafield><datafield ind1=" " ind2=" " tag="042"><subfield code="a">pcc</subfield></datafield><datafield ind1=" " ind2=" " tag="043"><subfield code="a">pogu---</subfield></datafield><datafield ind1="0" ind2="0" tag="050"><subfield code="a">Newspaper</subfield></datafield><datafield ind1="0" ind2="4" tag="245"><subfield code="a">The Territorial sun</subfield><subfield code="h">[microform].</subfield></datafield><datafield ind1="1" ind2="3" tag="246"><subfield code="a">News and views of the Marianas</subfield><subfield code="f">Dec. 8, 1963-Feb. 1, 1970</subfield></datafield><datafield ind1=" " ind2=" " tag="260"><subfield code="a">Agana, Guam :</subfield><subfield code="b">[J. Flores, publisher],</subfield><subfield code="c">1951-1970.</subfield></datafield><datafield ind1=" " ind2=" " tag="300"><subfield code="a">v. :</subfield><subfield code="b">ill.</subfield></datafield><datafield ind1=" " ind2=" " tag="310"><subfield code="a">Weekly</subfield></datafield><datafield ind1="0" ind2=" " tag="362"><subfield code="a">Dec. 30, 1951-Feb. 1, 1970.</subfield></datafield><datafield ind1=" " ind2=" " tag="500"><subfield code="a">Subtitle: Dec. 8, 1963-1970, News and views of the Marianas.</subfield></datafield><datafield ind1=" " ind2=" " tag="500"><subfield code="a">Issues for &lt;1957&gt;-1970 filmed with: Guam daily news.</subfield></datafield><datafield ind1=" " ind2=" " tag="515"><subfield code="a">Assumed the volume numbering of the Guam daily news as its Sunday edition, Jan. &lt;31&gt;, 1965, and its issue numbering, Jan. 8, 1967.</subfield></datafield><datafield ind1=" " ind2=" " tag="533"><subfield code="a">Microfilm.</subfield><subfield code="b">Washington, D.C. :</subfield><subfield code="c">Library of Congress, Photoduplication Service.</subfield><subfield code="e">microfilm reels ; 35 mm.</subfield></datafield><datafield ind1=" " ind2="0" tag="651"><subfield code="a">Haga&#778;tn&#771;a (Guam)</subfield><subfield code="v">Newspapers.</subfield></datafield><datafield ind1=" " ind2="7" tag="655"><subfield code="a">Newspapers.</subfield><subfield code="2">fast</subfield><subfield code="0">(OCoLC)fst01423814</subfield></datafield><datafield ind1=" " ind2="7" tag="651"><subfield code="a">Guam</subfield><subfield code="z">Haga&#778;tn&#771;a.</subfield><subfield code="2">fast</subfield><subfield code="0">(OCoLC)fst01216640</subfield></datafield><datafield ind1=" " ind2=" " tag="752"><subfield code="a">Guam</subfield><subfield code="d">Haga&#778;tn&#771;a.</subfield></datafield><datafield ind1="1" ind2=" " tag="776"><subfield code="t">Territorial sun</subfield><subfield code="w">(OCoLC)9614644</subfield></datafield><datafield ind1="1" ind2=" " tag="787"><subfield code="t">Guam daily news</subfield></datafield></record>